<record><leader>00000cas a22000007a 4500</leader><controlfield tag="001">14249575</controlfield><controlfield tag="008">860922d19311936txudn ne      0    0eng d</controlfield><datafield ind1=" " ind2=" " tag="010"><subfield code="a">sn 86089212 </subfield></datafield><datafield ind1=" " ind2=" " tag="040"><subfield code="a">PPM</subfield><subfield code="b">eng</subfield><subfield code="c">PPM</subfield><subfield code="d">OCLCQ</subfield></datafield><datafield ind1=" " ind2=" " tag="042"><subfield code="a">msc</subfield></datafield><datafield ind1="0" ind2="4" tag="245"><subfield code="a">The Gladewater daily times.</subfield></datafield><datafield ind1=" " ind2=" " tag="260"><subfield code="a">Gladewater, Tex. :</subfield><subfield code="b">Melton and Dan</subfield></datafield><datafield ind1=" " ind2=" " tag="300"><subfield code="a">5 v. :</subfield><subfield code="b">ill.</subfield></datafield><datafield ind1=" " ind2=" " tag="310"><subfield code="a">Daily (except Sat.)</subfield></datafield><datafield ind1="1" ind2=" " tag="362"><subfield code="a">Began in 1931? Ceased in 1936.</subfield></datafield><datafield ind1=" " ind2=" " tag="588"><subfield code="a">Description based on: Vol. 5, no. 301 (Jan. 16, 1936).</subfield></datafield><datafield ind1=" " ind2=" " tag="752"><subfield code="a">United States</subfield><subfield code="b">Texas</subfield><subfield code="c">Gregg</subfield><subfield code="d">Gladewater.</subfield></datafield><datafield ind1="0" ind2="7" tag="785"><subfield code="t">Gladewater tribune</subfield><subfield code="w">(DLC)sn9400059101</subfield></datafield><datafield ind1="0" ind2="7" tag="785"><subfield code="t">Gladewater times-tribune</subfield><subfield code="w">(DLC)sn 86089210</subfield></datafield></record>